{
  "event": {
    "title": "Honduras Presidential Election",
    "slug": "honduras-presidential-election",
    "id": 74717
  },
  "lookbackSeconds": 83056,
  "tradeCount": 104,
  "trades": [
    {
      "timestamp": 1762888005,
      "iso": "2025-11-11T19:06:45+00:00",
      "side": "BUY",
      "conditionId": "0xf831ea34f7a6cd4bc96cb43dc53f087b15c25f515d00c9251f9c546eaba4840b",
      "outcomeIndex": 1,
      "outcome": "No",
      "size": 126.90203,
      "price": 0.6304075592801786,
      "notional": 79.99999899999999,
      "proxyWallet": "0xa82c731f6fcfd92d8bafd3fd36699ca2b44c620a",
      "txHash": "0xe5f847d5db339be2fb4a07325039b7a1e077443f7d47b188a33835cbdda38a91"
    },
    {
      "timestamp": 1762889359,
      "iso": "2025-11-11T19:29:19+00:00",
      "side": "BUY",
      "conditionId": "0xf831ea34f7a6cd4bc96cb43dc53f087b15c25f515d00c9251f9c546eaba4840b",
      "outcomeIndex": 1,
      "outcome": "No",
      "size": 2.28125,
      "price": 0.64,
      "notional": 1.46,
      "proxyWallet": "0x20d959a9f081f85c5b71f58b1eb9bd51de709da6",
      "txHash": "0xa18aeef3df7d93518460c95dc6c31f900bdd336a8f1dd9a792a0effdba47601a"
    },
    {
      "timestamp": 1762890363,
      "iso": "2025-11-11T19:46:03+00:00",
      "side": "BUY",
      "conditionId": "0xf831ea34f7a6cd4bc96cb43dc53f087b15c25f515d00c9251f9c546eaba4840b",
      "outcomeIndex": 1,
      "outcome": "No",
      "size": 2.046875,
      "price": 0.64,
      "notional": 1.31,
      "proxyWallet": "0x82dd031458666ecd72f8acba1d957bca359a13b0",
      "txHash": "0xc497c3106a9bc8aedf496272b5c5df39e0a17bd6ffc53464f69bb84e1aab069c"
    },
    {
      "timestamp": 1762891345,
      "iso": "2025-11-11T20:02:25+00:00",
      "side": "BUY",
      "conditionId": "0xf831ea34f7a6cd4bc96cb43dc53f087b15c25f515d00c9251f9c546eaba4840b",
      "outcomeIndex": 1,
      "outcome": "No",
      "size": 1.5625,
      "price": 0.64,
      "notional": 1.0,
      "proxyWallet": "0x686562f4cb4738a6579ddbfc16d08e1445f43eae",
      "txHash": "0x8fa3c95f9afbd63a42960a46534bea32d7d4de46712ea9b9414fe33f5c0114e8"
    },
    {
      "timestamp": 1762893669,
      "iso": "2025-11-11T20:41:09+00:00",
      "side": "BUY",
      "conditionId": "0xaeb190c9a31c5e7f8ac193393ab05e55a9de86f0a945aac59feac0576aa86fc8",
      "outcomeIndex": 1,
      "outcome": "No",
      "size": 5.0,
      "price": 0.75,
      "notional": 3.75,
      "proxyWallet": "0x033025f6cede59b115a49446d0208586ba47eb8f",
      "txHash": "0xf112df816d9cdf0ad4a9f8b8f95e3b895c71df29fc104d53a1d5a0a75c73591f"
    },
    {
      "timestamp": 1762896001,
      "iso": "2025-11-11T21:20:01+00:00",
      "side": "BUY",
      "conditionId": "0x5ca4b979bc764b3e137c1e73d04f967324b0c3e37407df285227a8bb58320bce",
      "outcomeIndex": 1,
      "outcome": "No",
      "size": 1.073,
      "price": 0.997,
      "notional": 1.0697809999999999,
      "proxyWallet": "0x693565b9610ba2ca41922f5c8cf8e83c5c6353f7",
      "txHash": "0xb1e621ce5c75d08c6e3f1c3c0a9b2ef42bfdb107a874cfcaf5daac6e366902a6"
    },
    {
      "timestamp": 1762896839,
      "iso": "2025-11-11T21:33:59+00:00",
      "side": "BUY",
      "conditionId": "0xf831ea34f7a6cd4bc96cb43dc53f087b15c25f515d00c9251f9c546eaba4840b",
      "outcomeIndex": 0,
      "outcome": "Yes",
      "size": 2.615383,
      "price": 0.3899998585293244,
      "notional": 1.019999,
      "proxyWallet": "0xcdeeb826ce22cc792e5f138858eca6973201e503",
      "txHash": "0xcfb86329e5a41ed92b0239efb930d541af2a403407b3ee8d9a39413ea552e384"
    },
    {
      "timestamp": 1762897513,
      "iso": "2025-11-11T21:45:13+00:00",
      "side": "BUY",
      "conditionId": "0xf831ea34f7a6cd4bc96cb43dc53f087b15c25f515d00c9251f9c546eaba4840b",
      "outcomeIndex": 1,
      "outcome": "No",
      "size": 1.5873,
      "price": 0.63,
      "notional": 0.999999,
      "proxyWallet": "0xd47279e16b073c2b8d8b13a68049cfd3a4886255",
      "txHash": "0x9e1f2a5720c16062291d2b7acd8e6a65043ec7c13915212284bb2931accab1b0"
    },
    {
      "timestamp": 1762899571,
      "iso": "2025-11-11T22:19:31+00:00",
      "side": "BUY",
      "conditionId": "0xbf8d3c113339a9212ca0f263aede776db4a34762aedc006f70a8703215954863",
      "outcomeIndex": 0,
      "outcome": "Yes",
      "size": 6.0,
      "price": 0.35,
      "notional": 2.0999999999999996,
      "proxyWallet": "0x38e59b36aae31b164200d0cad7c3fe5e0ee795e7",
      "txHash": "0x31b44f49cdaa5bc4ac265deaa17c43a7298a0bc9b2aeb6070f453867770cbc4b"
    },
    {
      "timestamp": 1762899673,
      "iso": "2025-11-11T22:21:13+00:00",
      "side": "BUY",
      "conditionId": "0xbf8d3c113339a9212ca0f263aede776db4a34762aedc006f70a8703215954863",
      "outcomeIndex": 0,
      "outcome": "Yes",
      "size": 23.0,
      "price": 0.35,
      "notional": 8.049999999999999,
      "proxyWallet": "0x38e59b36aae31b164200d0cad7c3fe5e0ee795e7",
      "txHash": "0x90c00c7120b490b5a42f8dc438a7de4cd2f6d64122bc9aeaa6216c277316d316"
    },
    {
      "timestamp": 1762900985,
      "iso": "2025-11-11T22:43:05+00:00",
      "side": "BUY",
      "conditionId": "0xf831ea34f7a6cd4bc96cb43dc53f087b15c25f515d00c9251f9c546eaba4840b",
      "outcomeIndex": 0,
      "outcome": "Yes",
      "size": 12.820511,
      "price": 0.3899999773799968,
      "notional": 4.999999,
      "proxyWallet": "0x70ee9179d3f23a083b8c41b15f8f6c9176eb290d",
      "txHash": "0x012fb35e17f0d8fb33377d7bb0807d75c9a0004ded6a52ea752a3dc03afd7658"
    },
    {
      "timestamp": 1762902075,
      "iso": "2025-11-11T23:01:15+00:00",
      "side": "BUY",
      "conditionId": "0xaeb190c9a31c5e7f8ac193393ab05e55a9de86f0a945aac59feac0576aa86fc8",
      "outcomeIndex": 1,
      "outcome": "No",
      "size": 526.315787,
      "price": 0.759999999772,
      "notional": 399.99999799999995,
      "proxyWallet": "0xc624cccd414dc90ea329f06cf535fafa40d2ee24",
      "txHash": "0x2318c20a97387c1057b6a2f8382e921e82f264b75983c56b93e6c2d330d9795a"
    },
    {
      "timestamp": 1762902079,
      "iso": "2025-11-11T23:01:19+00:00",
      "side": "BUY",
      "conditionId": "0xaeb190c9a31c5e7f8ac193393ab05e55a9de86f0a945aac59feac0576aa86fc8",
      "outcomeIndex": 1,
      "outcome": "No",
      "size": 105.26,
      "price": 0.76,
      "notional": 79.9976,
      "proxyWallet": "0x0974d7a915229cb770fb43ac46f360dcf964003d",
      "txHash": "0x17d2353b47c1c7c36fffc828005e67f8da8d76dce7b8cdfd7e943d024982a7aa"
    },
    {
      "timestamp": 1762902197,
      "iso": "2025-11-11T23:03:17+00:00",
      "side": "BUY",
      "conditionId": "0xf831ea34f7a6cd4bc96cb43dc53f087b15c25f515d00c9251f9c546eaba4840b",
      "outcomeIndex": 0,
      "outcome": "Yes",
      "size": 12.820511,
      "price": 0.3899999773799968,
      "notional": 4.999999,
      "proxyWallet": "0xc624cccd414dc90ea329f06cf535fafa40d2ee24",
      "txHash": "0xd5840fe0545a1371317ffd0dbfe6c3037aab55a5d01c98aaed4414ae9d40c04e"
    },
    {
      "timestamp": 1762902203,
      "iso": "2025-11-11T23:03:23+00:00",
      "side": "BUY",
      "conditionId": "0xf831ea34f7a6cd4bc96cb43dc53f087b15c25f515d00c9251f9c546eaba4840b",
      "outcomeIndex": 0,
      "outcome": "Yes",
      "size": 2.56,
      "price": 0.39,
      "notional": 0.9984000000000001,
      "proxyWallet": "0x0974d7a915229cb770fb43ac46f360dcf964003d",
      "txHash": "0x08016a0e63b466495ba013b7f4a18a155f0ada45a7ed562896fc7ecca5cea1f3"
    },
    {
      "timestamp": 1762906151,
      "iso": "2025-11-12T00:09:11+00:00",
      "side": "BUY",
      "conditionId": "0xaeb190c9a31c5e7f8ac193393ab05e55a9de86f0a945aac59feac0576aa86fc8",
      "outcomeIndex": 1,
      "outcome": "No",
      "size": 65.0,
      "price": 0.76,
      "notional": 49.4,
      "proxyWallet": "0x033025f6cede59b115a49446d0208586ba47eb8f",
      "txHash": "0x17d8e163fff05ea922855e3ec714915b8b71e50a92fa69801dfcc8ab353ce92f"
    },
    {
      "timestamp": 1762906309,
      "iso": "2025-11-12T00:11:49+00:00",
      "side": "BUY",
      "conditionId": "0x5ca4b979bc764b3e137c1e73d04f967324b0c3e37407df285227a8bb58320bce",
      "outcomeIndex": 1,
      "outcome": "No",
      "size": 11.213333,
      "price": 0.9969999999108204,
      "notional": 11.179693,
      "proxyWallet": "0x505e11d5604818639790925d031608646d5daffc",
      "txHash": "0x1cb605b0c9962aacb9a57ea52121b912246d3c6e0eb0ff199330420e6298682d"
    },
    {
      "timestamp": 1762906329,
      "iso": "2025-11-12T00:12:09+00:00",
      "side": "BUY",
      "conditionId": "0xdb7d5152831846ed495837d7b96ee5f224abcbad75ff786bc55970800862fc48",
      "outcomeIndex": 1,
      "outcome": "No",
      "size": 17.0854,
      "price": 0.995,
      "notional": 16.999973,
      "proxyWallet": "0x505e11d5604818639790925d031608646d5daffc",
      "txHash": "0x738cd310d31353d2c5c2401b15616510ee5c9e0335dd00f211d0f86cf28f9a45"
    },
    {
      "timestamp": 1762906399,
      "iso": "2025-11-12T00:13:19+00:00",
      "side": "BUY",
      "conditionId": "0xf831ea34f7a6cd4bc96cb43dc53f087b15c25f515d00c9251f9c546eaba4840b",
      "outcomeIndex": 0,
      "outcome": "Yes",
      "size": 32.91475,
      "price": 0.39495970651455653,
      "notional": 12.999999999999998,
      "proxyWallet": "0x505e11d5604818639790925d031608646d5daffc",
      "txHash": "0xbadce39f4733160f4dce491ea0bab1ebbd1bc147ce47ebcfc1a01c7008258325"
    },
    {
      "timestamp": 1762906421,
      "iso": "2025-11-12T00:13:41+00:00",
      "side": "BUY",
      "conditionId": "0xbf8d3c113339a9212ca0f263aede776db4a34762aedc006f70a8703215954863",
      "outcomeIndex": 0,
      "outcome": "Yes",
      "size": 37.142856,
      "price": 0.34999998384615333,
      "notional": 12.999999,
      "proxyWallet": "0x505e11d5604818639790925d031608646d5daffc",
      "txHash": "0x3961efb654b60952da6ee69fbfc6a7e4b9443a463080d5cf73554f0dd24eb157"
    },
    {
      "timestamp": 1762908045,
      "iso": "2025-11-12T00:40:45+00:00",
      "side": "BUY",
      "conditionId": "0xbf8d3c113339a9212ca0f263aede776db4a34762aedc006f70a8703215954863",
      "outcomeIndex": 0,
      "outcome": "Yes",
      "size": 15.0,
      "price": 0.35,
      "notional": 5.25,
      "proxyWallet": "0x38e59b36aae31b164200d0cad7c3fe5e0ee795e7",
      "txHash": "0xeae59b1befb0288faf0d670f3dc5c7c32490b651ba1d20b350e7629d3f96c17a"
    },
    {
      "timestamp": 1762908767,
      "iso": "2025-11-12T00:52:47+00:00",
      "side": "BUY",
      "conditionId": "0xf831ea34f7a6cd4bc96cb43dc53f087b15c25f515d00c9251f9c546eaba4840b",
      "outcomeIndex": 1,
      "outcome": "No",
      "size": 15.873013,
      "price": 0.6299999880299978,
      "notional": 9.999998,
      "proxyWallet": "0x45538a4f4321b2f20eb8845a5341cba2ecb242d6",
      "txHash": "0x99bd73a71fe569e7792d2e5ad96b635bb98f05a1e5f39b6faced0864a93e9c6b"
    },
    {
      "timestamp": 1762908779,
      "iso": "2025-11-12T00:52:59+00:00",
      "side": "BUY",
      "conditionId": "0xbf8d3c113339a9212ca0f263aede776db4a34762aedc006f70a8703215954863",
      "outcomeIndex": 0,
      "outcome": "Yes",
      "size": 28.571427,
      "price": 0.3499999842499991,
      "notional": 9.999998999999999,
      "proxyWallet": "0x45538a4f4321b2f20eb8845a5341cba2ecb242d6",
      "txHash": "0x04f2283fa0adbc5a48ab377c9a3ed4e9496a082949bcbc1f512531bf0b72ea59"
    },
    {
      "timestamp": 1762909423,
      "iso": "2025-11-12T01:03:43+00:00",
      "side": "BUY",
      "conditionId": "0xf831ea34f7a6cd4bc96cb43dc53f087b15c25f515d00c9251f9c546eaba4840b",
      "outcomeIndex": 1,
      "outcome": "No",
      "size": 547.336405,
      "price": 0.6394604776928734,
      "notional": 349.999999,
      "proxyWallet": "0xad67c1c1e9ff27e8338117f51c276b62a3478cd3",
      "txHash": "0xd37828ce371c5ba14933034eff34d1356500f3df3661352e98f9152ec0be0370"
    },
    {
      "timestamp": 1762909537,
      "iso": "2025-11-12T01:05:37+00:00",
      "side": "BUY",
      "conditionId": "0xdb7d5152831846ed495837d7b96ee5f224abcbad75ff786bc55970800862fc48",
      "outcomeIndex": 0,
      "outcome": "Yes",
      "size": 105.5,
      "price": 0.009478672985781991,
      "notional": 1.0,
      "proxyWallet": "0x2184156275c2feda2d3062f5c8f42519c487e222",
      "txHash": "0x73ff041893fe55546f8e40bf38791a4306d929fd611aad54ec4512bc3c6beca9"
    },
    {
      "timestamp": 1762910149,
      "iso": "2025-11-12T01:15:49+00:00",
      "side": "BUY",
      "conditionId": "0xbf8d3c113339a9212ca0f263aede776db4a34762aedc006f70a8703215954863",
      "outcomeIndex": 0,
      "outcome": "Yes",
      "size": 14.285713,
      "price": 0.3499999614999965,
      "notional": 4.999999,
      "proxyWallet": "0x34e295f65ad4aeb88b11f96463fe1095f734c4fb",
      "txHash": "0x885dcb50a2ba080e78b4168d9546003eccb194a6b1aaa9e9adac12a608d3cb3b"
    },
    {
      "timestamp": 1762910307,
      "iso": "2025-11-12T01:18:27+00:00",
      "side": "BUY",
      "conditionId": "0xbf8d3c113339a9212ca0f263aede776db4a34762aedc006f70a8703215954863",
      "outcomeIndex": 0,
      "outcome": "Yes",
      "size": 13.0,
      "price": 0.35,
      "notional": 4.55,
      "proxyWallet": "0x38e59b36aae31b164200d0cad7c3fe5e0ee795e7",
      "txHash": "0x386e2515d2f4538f3ec6e8950119dd7aa4a129c988fcfa349378e9310d21ced7"
    },
    {
      "timestamp": 1762910977,
      "iso": "2025-11-12T01:29:37+00:00",
      "side": "BUY",
      "conditionId": "0xbf8d3c113339a9212ca0f263aede776db4a34762aedc006f70a8703215954863",
      "outcomeIndex": 0,
      "outcome": "Yes",
      "size": 13.0,
      "price": 0.35,
      "notional": 4.55,
      "proxyWallet": "0x38e59b36aae31b164200d0cad7c3fe5e0ee795e7",
      "txHash": "0x2ee17766b9bf94e21359cc0d39d3b48984951afbd33d57f62ab132bb5b207b36"
    },
    {
      "timestamp": 1762911693,
      "iso": "2025-11-12T01:41:33+00:00",
      "side": "BUY",
      "conditionId": "0xbf8d3c113339a9212ca0f263aede776db4a34762aedc006f70a8703215954863",
      "outcomeIndex": 0,
      "outcome": "Yes",
      "size": 13.0,
      "price": 0.35,
      "notional": 4.55,
      "proxyWallet": "0x38e59b36aae31b164200d0cad7c3fe5e0ee795e7",
      "txHash": "0x3c9cb5caf66baae115e2c72ea84deecf89fb35f752c6d95bb6a8b47d1a07a6b1"
    },
    {
      "timestamp": 1762912761,
      "iso": "2025-11-12T01:59:21+00:00",
      "side": "SELL",
      "conditionId": "0xf831ea34f7a6cd4bc96cb43dc53f087b15c25f515d00c9251f9c546eaba4840b",
      "outcomeIndex": 0,
      "outcome": "Yes",
      "size": 658.77,
      "price": 0.3615176768826753,
      "notional": 238.15699999999998,
      "proxyWallet": "0x58b969a578d4795221e58c8f38b33ac911db69da",
      "txHash": "0x37a68556f6b574daee831b8526f8f4de17ffa5289bd337a8509b5f2abed41695"
    },
    {
      "timestamp": 1762913665,
      "iso": "2025-11-12T02:14:25+00:00",
      "side": "BUY",
      "conditionId": "0xf831ea34f7a6cd4bc96cb43dc53f087b15c25f515d00c9251f9c546eaba4840b",
      "outcomeIndex": 0,
      "outcome": "Yes",
      "size": 746.029755,
      "price": 0.40212873144717937,
      "notional": 299.999999,
      "proxyWallet": "0x1513ef4b6b9709d6cb698b4cae7f2e777e24831a",
      "txHash": "0xfadbc24185939246d2d9ad2d378aee148c7df5c45300076a3d51ebf53f8fdae1"
    },
    {
      "timestamp": 1762917939,
      "iso": "2025-11-12T03:25:39+00:00",
      "side": "BUY",
      "conditionId": "0xbf8d3c113339a9212ca0f263aede776db4a34762aedc006f70a8703215954863",
      "outcomeIndex": 0,
      "outcome": "Yes",
      "size": 250.0,
      "price": 0.35,
      "notional": 87.5,
      "proxyWallet": "0x720121a6fec87754258a1023b3f336e023070fc8",
      "txHash": "0xa9628ef5c182b81da054dfd4355673c1389084c50363fdf3faf546b547b0e56c"
    },
    {
      "timestamp": 1762924279,
      "iso": "2025-11-12T05:11:19+00:00",
      "side": "SELL",
      "conditionId": "0xf831ea34f7a6cd4bc96cb43dc53f087b15c25f515d00c9251f9c546eaba4840b",
      "outcomeIndex": 0,
      "outcome": "Yes",
      "size": 15.0,
      "price": 0.38,
      "notional": 5.7,
      "proxyWallet": "0x0781872fe78deb6ad8147e482952b4a5461ec4ff",
      "txHash": "0x3eb850a2d4fba5172e6b4f261ce5e6e2de75d0661ec92a1be66e008b201a86db"
    },
    {
      "timestamp": 1762926887,
      "iso": "2025-11-12T05:54:47+00:00",
      "side": "BUY",
      "conditionId": "0xf831ea34f7a6cd4bc96cb43dc53f087b15c25f515d00c9251f9c546eaba4840b",
      "outcomeIndex": 0,
      "outcome": "Yes",
      "size": 17.439023,
      "price": 0.4013985760555508,
      "notional": 6.999998999999999,
      "proxyWallet": "0x7475b4becd8e4d30d4ff4496b82cf4f6ba6c2a10",
      "txHash": "0x4c2050bd4f2de9fed3086954ad10cd403d034ddc929b83d633146ccc6f76f60e"
    },
    {
      "timestamp": 1762926909,
      "iso": "2025-11-12T05:55:09+00:00",
      "side": "BUY",
      "conditionId": "0xbf8d3c113339a9212ca0f263aede776db4a34762aedc006f70a8703215954863",
      "outcomeIndex": 0,
      "outcome": "Yes",
      "size": 14.285713,
      "price": 0.3499999614999965,
      "notional": 4.999999,
      "proxyWallet": "0x7475b4becd8e4d30d4ff4496b82cf4f6ba6c2a10",
      "txHash": "0xe68b95e3c2ea4558b2739be8c2851e496ad5fb67c5eb600cfe23006452e0352d"
    },
    {
      "timestamp": 1762927541,
      "iso": "2025-11-12T06:05:41+00:00",
      "side": "SELL",
      "conditionId": "0xf831ea34f7a6cd4bc96cb43dc53f087b15c25f515d00c9251f9c546eaba4840b",
      "outcomeIndex": 0,
      "outcome": "Yes",
      "size": 521.05,
      "price": 0.3719192016121294,
      "notional": 193.7885,
      "proxyWallet": "0x1ed6caf37b7a978f26f8c08a73886ef9125e7fae",
      "txHash": "0xe914005ee1184229e430df139cdc2773ec3d961e6df726de214cd314a03a5939"
    },
    {
      "timestamp": 1762928661,
      "iso": "2025-11-12T06:24:21+00:00",
      "side": "BUY",
      "conditionId": "0xf831ea34f7a6cd4bc96cb43dc53f087b15c25f515d00c9251f9c546eaba4840b",
      "outcomeIndex": 0,
      "outcome": "Yes",
      "size": 2.631577,
      "price": 0.3799999011999269,
      "notional": 0.999999,
      "proxyWallet": "0x7e6c216f60e0637c7c4952ded86ddfb564f77a7d",
      "txHash": "0xb0066c16c0c9c7ef5684c7895375d29a1c7c7963b8e5f51953002565ad05a704"
    },
    {
      "timestamp": 1762929921,
      "iso": "2025-11-12T06:45:21+00:00",
      "side": "BUY",
      "conditionId": "0x5ca4b979bc764b3e137c1e73d04f967324b0c3e37407df285227a8bb58320bce",
      "outcomeIndex": 0,
      "outcome": "Yes",
      "size": 261.45,
      "price": 0.005709695926563396,
      "notional": 1.4928,
      "proxyWallet": "0x585bef2dc5b122bb8b93dd421f32dd1ca2f4753f",
      "txHash": "0x580273878bae0691f3ce1736e96fbbdff5bd5d335e67d9af4b1b5001de844639"
    },
    {
      "timestamp": 1762930991,
      "iso": "2025-11-12T07:03:11+00:00",
      "side": "BUY",
      "conditionId": "0xf831ea34f7a6cd4bc96cb43dc53f087b15c25f515d00c9251f9c546eaba4840b",
      "outcomeIndex": 0,
      "outcome": "Yes",
      "size": 13.157893,
      "price": 0.3799999741599966,
      "notional": 4.999999,
      "proxyWallet": "0x364f935ccafae7bb980616b81999239ed816562c",
      "txHash": "0x3f63e8fa9c367d77003c601a1f4de30aa364bddd316ca626ce3cc4aba9198521"
    },
    {
      "timestamp": 1762931057,
      "iso": "2025-11-12T07:04:17+00:00",
      "side": "BUY",
      "conditionId": "0xaeb190c9a31c5e7f8ac193393ab05e55a9de86f0a945aac59feac0576aa86fc8",
      "outcomeIndex": 1,
      "outcome": "No",
      "size": 6.578946,
      "price": 0.7599998540799696,
      "notional": 4.999998,
      "proxyWallet": "0xacf231532fe061231edacb859ad3aee3056b5622",
      "txHash": "0x405565d1b6a09e5748433e7649e70bab1fc7b992ef0cfc43ebfdc6056cd57331"
    },
    {
      "timestamp": 1762932019,
      "iso": "2025-11-12T07:20:19+00:00",
      "side": "SELL",
      "conditionId": "0xf831ea34f7a6cd4bc96cb43dc53f087b15c25f515d00c9251f9c546eaba4840b",
      "outcomeIndex": 1,
      "outcome": "No",
      "size": 2.04,
      "price": 0.62,
      "notional": 1.2648,
      "proxyWallet": "0x82dd031458666ecd72f8acba1d957bca359a13b0",
      "txHash": "0x5dd551c3e4b042b68a1f1ea8fc5252b61b96451a30feb8a423742e29217acbeb"
    },
    {
      "timestamp": 1762935139,
      "iso": "2025-11-12T08:12:19+00:00",
      "side": "SELL",
      "conditionId": "0xbf8d3c113339a9212ca0f263aede776db4a34762aedc006f70a8703215954863",
      "outcomeIndex": 1,
      "outcome": "No",
      "size": 11.72,
      "price": 0.65,
      "notional": 7.618,
      "proxyWallet": "0x5567486d87d8fd69c875eb36208386128516aeed",
      "txHash": "0xaa8b91cc71b4f2670ade36a6ad273c19abd570de7adb216bbb237546fd2fa6c5"
    },
    {
      "timestamp": 1762936345,
      "iso": "2025-11-12T08:32:25+00:00",
      "side": "BUY",
      "conditionId": "0xf831ea34f7a6cd4bc96cb43dc53f087b15c25f515d00c9251f9c546eaba4840b",
      "outcomeIndex": 0,
      "outcome": "Yes",
      "size": 13.157893,
      "price": 0.3799999741599966,
      "notional": 4.999999,
      "proxyWallet": "0xdd103567550d8e0028414c06a68c3b294328df4e",
      "txHash": "0x57856695e403a44287a317b7467dcc19cfcd51837f54c693bce019d3b7fe1ba7"
    },
    {
      "timestamp": 1762939833,
      "iso": "2025-11-12T09:30:33+00:00",
      "side": "SELL",
      "conditionId": "0xf831ea34f7a6cd4bc96cb43dc53f087b15c25f515d00c9251f9c546eaba4840b",
      "outcomeIndex": 0,
      "outcome": "Yes",
      "size": 2.61,
      "price": 0.36,
      "notional": 0.9395999999999999,
      "proxyWallet": "0xcdeeb826ce22cc792e5f138858eca6973201e503",
      "txHash": "0xdc65619ae882946802b70aa8e18be29fbeb50f7242514edf8692860bd04960e2"
    },
    {
      "timestamp": 1762942177,
      "iso": "2025-11-12T10:09:37+00:00",
      "side": "BUY",
      "conditionId": "0xf831ea34f7a6cd4bc96cb43dc53f087b15c25f515d00c9251f9c546eaba4840b",
      "outcomeIndex": 0,
      "outcome": "Yes",
      "size": 15.789472,
      "price": 0.37999997719999756,
      "notional": 5.999999,
      "proxyWallet": "0x7c47d1464f9183208fc3bde3f29c024694a88d7a",
      "txHash": "0x0f4994629a812cafda4ac918c091fa39f4245739e614b5d80c409bc3abc702fb"
    },
    {
      "timestamp": 1762944903,
      "iso": "2025-11-12T10:55:03+00:00",
      "side": "BUY",
      "conditionId": "0xdb7d5152831846ed495837d7b96ee5f224abcbad75ff786bc55970800862fc48",
      "outcomeIndex": 1,
      "outcome": "No",
      "size": 4.024,
      "price": 0.994,
      "notional": 3.999856,
      "proxyWallet": "0x9022c1e3c9edb99d3d618b2b370f06faa5f0e1a4",
      "txHash": "0x6c85579c8a4ae81b2c29fd0311dfa2d32304aa3f42dc1ce235ab211892f45206"
    },
    {
      "timestamp": 1762945017,
      "iso": "2025-11-12T10:56:57+00:00",
      "side": "BUY",
      "conditionId": "0xbf8d3c113339a9212ca0f263aede776db4a34762aedc006f70a8703215954863",
      "outcomeIndex": 0,
      "outcome": "Yes",
      "size": 57.142856,
      "price": 0.3499999894999998,
      "notional": 19.999999,
      "proxyWallet": "0x03b66fa3da1f4d7a197b23a5c735d167887677ff",
      "txHash": "0xa5964b4899dc49c737f1dc9f5e2a99f2d1ea485f2476e170d18f2fd16376a777"
    },
    {
      "timestamp": 1762945385,
      "iso": "2025-11-12T11:03:05+00:00",
      "side": "BUY",
      "conditionId": "0x5ca4b979bc764b3e137c1e73d04f967324b0c3e37407df285227a8bb58320bce",
      "outcomeIndex": 1,
      "outcome": "No",
      "size": 4.199285,
      "price": 0.9929999988093211,
      "notional": 4.16989,
      "proxyWallet": "0x6393aee7b4155f8a1c02d6b43b12138575a5490d",
      "txHash": "0x34e1db2af7bbb94b461c414aa157e136cb0c74b786b9ff8e6925a568ce280ffe"
    },
    {
      "timestamp": 1762945399,
      "iso": "2025-11-12T11:03:19+00:00",
      "side": "BUY",
      "conditionId": "0xf831ea34f7a6cd4bc96cb43dc53f087b15c25f515d00c9251f9c546eaba4840b",
      "outcomeIndex": 0,
      "outcome": "Yes",
      "size": 4278.383901,
      "price": 0.39740472999690263,
      "notional": 1700.2499990000001,
      "proxyWallet": "0x038bca073c9aebb694028d70eec94116ed4bafc4",
      "txHash": "0x66ce52b1e9cb1250f101c225bc83937ac4546b1fd088c0736f0610614d22c7fc"
    },
    {
      "timestamp": 1762945405,
      "iso": "2025-11-12T11:03:25+00:00",
      "side": "SELL",
      "conditionId": "0xf831ea34f7a6cd4bc96cb43dc53f087b15c25f515d00c9251f9c546eaba4840b",
      "outcomeIndex": 1,
      "outcome": "No",
      "size": 100.0,
      "price": 0.61,
      "notional": 61.0,
      "proxyWallet": "0x4745bed9080a47cdf2e8280fd57dd49237305916",
      "txHash": "0x5524d1694017878062edd158769365b0e800017f94ee0829ab1a6f28f780f270"
    },
    {
      "timestamp": 1762945407,
      "iso": "2025-11-12T11:03:27+00:00",
      "side": "SELL",
      "conditionId": "0xf831ea34f7a6cd4bc96cb43dc53f087b15c25f515d00c9251f9c546eaba4840b",
      "outcomeIndex": 1,
      "outcome": "No",
      "size": 100.0,
      "price": 0.6,
      "notional": 60.0,
      "proxyWallet": "0x4745bed9080a47cdf2e8280fd57dd49237305916",
      "txHash": "0xd1bf3554ab2b988f7ca879ebacc1f016dfda87998dd7548bf7e4ac25a205f7c0"
    },
    {
      "timestamp": 1762945543,
      "iso": "2025-11-12T11:05:43+00:00",
      "side": "SELL",
      "conditionId": "0xf831ea34f7a6cd4bc96cb43dc53f087b15c25f515d00c9251f9c546eaba4840b",
      "outcomeIndex": 0,
      "outcome": "Yes",
      "size": 0.02,
      "price": 0.38,
      "notional": 0.0076,
      "proxyWallet": "0xf0b0ef1d6320c6be896b4c9c54dd74407e7f8cab",
      "txHash": "0x62c2439ea54ddcc80e5f9b8ccfe5b302bc9fabbe52e6f0a8d7a0fe1ba5a94f26"
    },
    {
      "timestamp": 1762945561,
      "iso": "2025-11-12T11:06:01+00:00",
      "side": "SELL",
      "conditionId": "0xf831ea34f7a6cd4bc96cb43dc53f087b15c25f515d00c9251f9c546eaba4840b",
      "outcomeIndex": 0,
      "outcome": "Yes",
      "size": 14.0,
      "price": 0.39,
      "notional": 5.46,
      "proxyWallet": "0x0781872fe78deb6ad8147e482952b4a5461ec4ff",
      "txHash": "0xdbec62e570646d255c5220465a334308601fdfb65907b8a7f3b1172396a53e3d"
    },
    {
      "timestamp": 1762946099,
      "iso": "2025-11-12T11:14:59+00:00",
      "side": "SELL",
      "conditionId": "0x5ca4b979bc764b3e137c1e73d04f967324b0c3e37407df285227a8bb58320bce",
      "outcomeIndex": 0,
      "outcome": "Yes",
      "size": 4.19,
      "price": 0.008,
      "notional": 0.03352,
      "proxyWallet": "0xf0b0ef1d6320c6be896b4c9c54dd74407e7f8cab",
      "txHash": "0x7f8598ccc2bec30bcfa06b03ed424865c91aee7ec99a30e8c00702e6701d643c"
    },
    {
      "timestamp": 1762946461,
      "iso": "2025-11-12T11:21:01+00:00",
      "side": "BUY",
      "conditionId": "0xdb7d5152831846ed495837d7b96ee5f224abcbad75ff786bc55970800862fc48",
      "outcomeIndex": 1,
      "outcome": "No",
      "size": 5.025,
      "price": 0.995,
      "notional": 4.999875,
      "proxyWallet": "0x209d21cd6ef9dc0c47d25c32b161a9f0f6a1da0b",
      "txHash": "0x180b6018462150ea7b1bb6df489557c9b848e338f421f4edce3810e4e2b8c6ec"
    },
    {
      "timestamp": 1762949053,
      "iso": "2025-11-12T12:04:13+00:00",
      "side": "BUY",
      "conditionId": "0xdb7d5152831846ed495837d7b96ee5f224abcbad75ff786bc55970800862fc48",
      "outcomeIndex": 1,
      "outcome": "No",
      "size": 1.2762,
      "price": 0.995,
      "notional": 1.269819,
      "proxyWallet": "0xa84c5f38c752d48aa6c1666b0ffb9ed34414dea9",
      "txHash": "0x7e136dd0264784b02ca43a71edb0656f0021f19d1b99bbb332a8a7230b033981"
    },
    {
      "timestamp": 1762949067,
      "iso": "2025-11-12T12:04:27+00:00",
      "side": "BUY",
      "conditionId": "0x5ca4b979bc764b3e137c1e73d04f967324b0c3e37407df285227a8bb58320bce",
      "outcomeIndex": 1,
      "outcome": "No",
      "size": 1.037142,
      "price": 0.9929999942148713,
      "notional": 1.029882,
      "proxyWallet": "0xa84c5f38c752d48aa6c1666b0ffb9ed34414dea9",
      "txHash": "0x8bdd80b2dde30b6014c27bb918ba766b7841d14de0be3bbcebe9e361e5f39b22"
    },
    {
      "timestamp": 1762950105,
      "iso": "2025-11-12T12:21:45+00:00",
      "side": "BUY",
      "conditionId": "0xf831ea34f7a6cd4bc96cb43dc53f087b15c25f515d00c9251f9c546eaba4840b",
      "outcomeIndex": 1,
      "outcome": "No",
      "size": 2.262294,
      "price": 0.609999849710073,
      "notional": 1.3799989999999998,
      "proxyWallet": "0x91766bc4ecf58b462f9aeeaf8b5a59fe2834b99c",
      "txHash": "0xb3ea85e61198136af2701b02a5a549c85dea73eaf5da65f53ede018d3a1240d7"
    },
    {
      "timestamp": 1762950163,
      "iso": "2025-11-12T12:22:43+00:00",
      "side": "BUY",
      "conditionId": "0xdb7d5152831846ed495837d7b96ee5f224abcbad75ff786bc55970800862fc48",
      "outcomeIndex": 1,
      "outcome": "No",
      "size": 6.03,
      "price": 0.995,
      "notional": 5.99985,
      "proxyWallet": "0x568104ebdf2f90a69aa2ca61dfa6ac49f809ac55",
      "txHash": "0x98fda94c1a66b24890fbf7c20eaa902d038551c79bb37b990c8385a7e2bdb35b"
    },
    {
      "timestamp": 1762950175,
      "iso": "2025-11-12T12:22:55+00:00",
      "side": "BUY",
      "conditionId": "0x5ca4b979bc764b3e137c1e73d04f967324b0c3e37407df285227a8bb58320bce",
      "outcomeIndex": 1,
      "outcome": "No",
      "size": 5.035142,
      "price": 0.9929999988083752,
      "notional": 4.999896,
      "proxyWallet": "0x568104ebdf2f90a69aa2ca61dfa6ac49f809ac55",
      "txHash": "0x684c64bddbcfd60100eca51b01895d403c45b6b4e9be191c6d8d7a6feb0459f9"
    },
    {
      "timestamp": 1762952365,
      "iso": "2025-11-12T12:59:25+00:00",
      "side": "BUY",
      "conditionId": "0xdb7d5152831846ed495837d7b96ee5f224abcbad75ff786bc55970800862fc48",
      "outcomeIndex": 1,
      "outcome": "No",
      "size": 8.0402,
      "price": 0.995,
      "notional": 7.999999000000001,
      "proxyWallet": "0xaa8d3515d1a36f08df8d0200d46071f093061039",
      "txHash": "0x1610e2890056603710db51ea2b883f0a272906703858d9bd855365abff61a1ae"
    },
    {
      "timestamp": 1762955157,
      "iso": "2025-11-12T13:45:57+00:00",
      "side": "SELL",
      "conditionId": "0xf831ea34f7a6cd4bc96cb43dc53f087b15c25f515d00c9251f9c546eaba4840b",
      "outcomeIndex": 0,
      "outcome": "Yes",
      "size": 49.0,
      "price": 0.39,
      "notional": 19.11,
      "proxyWallet": "0x0781872fe78deb6ad8147e482952b4a5461ec4ff",
      "txHash": "0x1f4b7c71f8349b8b39a6d29fa9de49e042b36c959a8b651183f7e011e9c44ec0"
    },
    {
      "timestamp": 1762956435,
      "iso": "2025-11-12T14:07:15+00:00",
      "side": "BUY",
      "conditionId": "0xdb7d5152831846ed495837d7b96ee5f224abcbad75ff786bc55970800862fc48",
      "outcomeIndex": 1,
      "outcome": "No",
      "size": 5.025,
      "price": 0.995,
      "notional": 4.999875,
      "proxyWallet": "0xf507a96161f720b03bcd1fbf730c432175b54f25",
      "txHash": "0xd2bdbcf3f2222d9d6ddb4d7c66e18eca886565c1987b694ddb4e53f7c1277d96"
    },
    {
      "timestamp": 1762958683,
      "iso": "2025-11-12T14:44:43+00:00",
      "side": "BUY",
      "conditionId": "0xdb7d5152831846ed495837d7b96ee5f224abcbad75ff786bc55970800862fc48",
      "outcomeIndex": 1,
      "outcome": "No",
      "size": 5.025,
      "price": 0.995,
      "notional": 4.999875,
      "proxyWallet": "0xd20eec3964826e43fdf544d82fcfd233543118c2",
      "txHash": "0xad515debd7f36c4c0471f0de680786b27480e3c6dd893ff1a6b3c500bc623a9e"
    },
    {
      "timestamp": 1762958693,
      "iso": "2025-11-12T14:44:53+00:00",
      "side": "BUY",
      "conditionId": "0x5ca4b979bc764b3e137c1e73d04f967324b0c3e37407df285227a8bb58320bce",
      "outcomeIndex": 1,
      "outcome": "No",
      "size": 5.035142,
      "price": 0.9929999988083752,
      "notional": 4.999896,
      "proxyWallet": "0xd20eec3964826e43fdf544d82fcfd233543118c2",
      "txHash": "0x8df0b4efc3ce4631e0046441ae90d4d60e6ab92cf3fb93c4859b3df6e0b18e8c"
    },
    {
      "timestamp": 1762959697,
      "iso": "2025-11-12T15:01:37+00:00",
      "side": "BUY",
      "conditionId": "0xf831ea34f7a6cd4bc96cb43dc53f087b15c25f515d00c9251f9c546eaba4840b",
      "outcomeIndex": 0,
      "outcome": "Yes",
      "size": 10.0,
      "price": 0.41,
      "notional": 4.1,
      "proxyWallet": "0x978789ac01f08f456cf6377d1d62b93af05caba9",
      "txHash": "0xa06c1308875c975b2ccace0f3e44db642967f5e5af90db38392143a3d3f36d1d"
    },
    {
      "timestamp": 1762959747,
      "iso": "2025-11-12T15:02:27+00:00",
      "side": "BUY",
      "conditionId": "0xbf8d3c113339a9212ca0f263aede776db4a34762aedc006f70a8703215954863",
      "outcomeIndex": 0,
      "outcome": "Yes",
      "size": 10.0,
      "price": 0.35,
      "notional": 3.5,
      "proxyWallet": "0x978789ac01f08f456cf6377d1d62b93af05caba9",
      "txHash": "0xe4c47a71bd234a1f31bea8c569706c780b6ef96834d988b5f90e792d339ce77f"
    },
    {
      "timestamp": 1762961643,
      "iso": "2025-11-12T15:34:03+00:00",
      "side": "BUY",
      "conditionId": "0xf831ea34f7a6cd4bc96cb43dc53f087b15c25f515d00c9251f9c546eaba4840b",
      "outcomeIndex": 0,
      "outcome": "Yes",
      "size": 97.560974,
      "price": 0.40999999651499996,
      "notional": 39.999999,
      "proxyWallet": "0xcad7c62c95c0e23a30a84b5eff96a698b24e6391",
      "txHash": "0x7df11424de8996a5a97d5a8b307c6bdd1a6f41fb89a884da99a9d8547f516a39"
    },
    {
      "timestamp": 1762962449,
      "iso": "2025-11-12T15:47:29+00:00",
      "side": "BUY",
      "conditionId": "0xbf8d3c113339a9212ca0f263aede776db4a34762aedc006f70a8703215954863",
      "outcomeIndex": 0,
      "outcome": "Yes",
      "size": 8.0,
      "price": 0.35,
      "notional": 2.8,
      "proxyWallet": "0x9dd9e18b9dcc393705e73966bc79eccbbd9108bd",
      "txHash": "0xfabd9909f7c265021713cf4339a9fff0dd7f57820183b65f7816edec5b80389d"
    },
    {
      "timestamp": 1762962451,
      "iso": "2025-11-12T15:47:31+00:00",
      "side": "BUY",
      "conditionId": "0xbf8d3c113339a9212ca0f263aede776db4a34762aedc006f70a8703215954863",
      "outcomeIndex": 0,
      "outcome": "Yes",
      "size": 200.0,
      "price": 0.35,
      "notional": 70.0,
      "proxyWallet": "0x9dd9e18b9dcc393705e73966bc79eccbbd9108bd",
      "txHash": "0xcaaf04e47c97edbf6ccf25a087ec0e6664a0fea16f8b8f880a7b47b4c53e34d3"
    },
    {
      "timestamp": 1762964245,
      "iso": "2025-11-12T16:17:25+00:00",
      "side": "BUY",
      "conditionId": "0xbf8d3c113339a9212ca0f263aede776db4a34762aedc006f70a8703215954863",
      "outcomeIndex": 0,
      "outcome": "Yes",
      "size": 342.857141,
      "price": 0.34999999897916667,
      "notional": 119.999999,
      "proxyWallet": "0xc210fc7bce49960564bd461587d4d651c479f0ca",
      "txHash": "0xe03b32335def6b6b959e77e9898cc2a656a5d6b777cfcc20554f03860449f2ec"
    },
    {
      "timestamp": 1762964465,
      "iso": "2025-11-12T16:21:05+00:00",
      "side": "BUY",
      "conditionId": "0xf831ea34f7a6cd4bc96cb43dc53f087b15c25f515d00c9251f9c546eaba4840b",
      "outcomeIndex": 0,
      "outcome": "Yes",
      "size": 12.19512,
      "price": 0.4099999835999974,
      "notional": 4.999999,
      "proxyWallet": "0x3b1aef98f8a758191ed4cbcbc086c7c27d7c60ca",
      "txHash": "0x642c5a8faa605c0efeb3336e0d04501ea9003c7c6b4cb12a4b58706c6feaf552"
    },
    {
      "timestamp": 1762964497,
      "iso": "2025-11-12T16:21:37+00:00",
      "side": "BUY",
      "conditionId": "0xaeb190c9a31c5e7f8ac193393ab05e55a9de86f0a945aac59feac0576aa86fc8",
      "outcomeIndex": 1,
      "outcome": "No",
      "size": 10.28,
      "price": 0.76,
      "notional": 7.812799999999999,
      "proxyWallet": "0xd218e474776403a330142299f7796e8ba32eb5c9",
      "txHash": "0xca89c3c00c4910dd85c612752c61ebb25b0a174f6445bb54a2784df5b2acfe53"
    },
    {
      "timestamp": 1762964497,
      "iso": "2025-11-12T16:21:37+00:00",
      "side": "BUY",
      "conditionId": "0xdb7d5152831846ed495837d7b96ee5f224abcbad75ff786bc55970800862fc48",
      "outcomeIndex": 1,
      "outcome": "No",
      "size": 10.28,
      "price": 0.995,
      "notional": 10.2286,
      "proxyWallet": "0xd218e474776403a330142299f7796e8ba32eb5c9",
      "txHash": "0x9b481340b409e7d88868381f360e5333484053b27ad4809cb78240574da591fa"
    },
    {
      "timestamp": 1762964497,
      "iso": "2025-11-12T16:21:37+00:00",
      "side": "BUY",
      "conditionId": "0xbf8d3c113339a9212ca0f263aede776db4a34762aedc006f70a8703215954863",
      "outcomeIndex": 0,
      "outcome": "Yes",
      "size": 688.0,
      "price": 0.35,
      "notional": 240.79999999999998,
      "proxyWallet": "0x28ca4e9a04531f2eac0c2770f95db4e1c6a65d19",
      "txHash": "0xfb6506086df765c0bf8efefa10870922a59cd2978fbc9b422d58bb7d8955a396"
    },
    {
      "timestamp": 1762964497,
      "iso": "2025-11-12T16:21:37+00:00",
      "side": "BUY",
      "conditionId": "0xf831ea34f7a6cd4bc96cb43dc53f087b15c25f515d00c9251f9c546eaba4840b",
      "outcomeIndex": 1,
      "outcome": "No",
      "size": 10.28,
      "price": 0.6,
      "notional": 6.167999999999999,
      "proxyWallet": "0xd218e474776403a330142299f7796e8ba32eb5c9",
      "txHash": "0x1fbd78a809c57e68dd42363f309ef67db1a37084a6d1898f09b8c3328810e08f"
    },
    {
      "timestamp": 1762964497,
      "iso": "2025-11-12T16:21:37+00:00",
      "side": "BUY",
      "conditionId": "0x5ca4b979bc764b3e137c1e73d04f967324b0c3e37407df285227a8bb58320bce",
      "outcomeIndex": 1,
      "outcome": "No",
      "size": 10.28,
      "price": 0.993,
      "notional": 10.208039999999999,
      "proxyWallet": "0xd218e474776403a330142299f7796e8ba32eb5c9",
      "txHash": "0x47886b37e796f5bd519a41c14c43e13a8d99aba53225d4276700ede41cbc9487"
    },
    {
      "timestamp": 1762964589,
      "iso": "2025-11-12T16:23:09+00:00",
      "side": "BUY",
      "conditionId": "0xbf8d3c113339a9212ca0f263aede776db4a34762aedc006f70a8703215954863",
      "outcomeIndex": 0,
      "outcome": "Yes",
      "size": 110.0,
      "price": 0.3511990909090909,
      "notional": 38.6319,
      "proxyWallet": "0xb83b253e76cd033118d7e77872ca73d92f67dfbe",
      "txHash": "0x7ed74d0c80905fcac5bb978bf40efdcc3ae1c1fe7976d3ede4679d1195286326"
    },
    {
      "timestamp": 1762964589,
      "iso": "2025-11-12T16:23:09+00:00",
      "side": "BUY",
      "conditionId": "0xf831ea34f7a6cd4bc96cb43dc53f087b15c25f515d00c9251f9c546eaba4840b",
      "outcomeIndex": 1,
      "outcome": "No",
      "size": 29.72,
      "price": 0.6,
      "notional": 17.831999999999997,
      "proxyWallet": "0xd218e474776403a330142299f7796e8ba32eb5c9",
      "txHash": "0xc0669755f065e140001ef7a985e2b4ba15f82e26ac1d40a17de587e1de0777ba"
    },
    {
      "timestamp": 1762964589,
      "iso": "2025-11-12T16:23:09+00:00",
      "side": "BUY",
      "conditionId": "0xdb7d5152831846ed495837d7b96ee5f224abcbad75ff786bc55970800862fc48",
      "outcomeIndex": 1,
      "outcome": "No",
      "size": 29.72,
      "price": 0.995,
      "notional": 29.571399999999997,
      "proxyWallet": "0xd218e474776403a330142299f7796e8ba32eb5c9",
      "txHash": "0x20e51123b851dc4d3a12707dd8727feba520fa3015a16df2667d84c90400ef60"
    },
    {
      "timestamp": 1762964589,
      "iso": "2025-11-12T16:23:09+00:00",
      "side": "BUY",
      "conditionId": "0xdb7d5152831846ed495837d7b96ee5f224abcbad75ff786bc55970800862fc48",
      "outcomeIndex": 1,
      "outcome": "No",
      "size": 3.839,
      "price": 0.995,
      "notional": 3.819805,
      "proxyWallet": "0xe8dd7741ccb12350957ec71e9ee332e0d1e6ec86",
      "txHash": "0x8299bd1c49f329408adf21fdb87351ae4e964dbceff83563cb4905d063ebc490"
    },
    {
      "timestamp": 1762964589,
      "iso": "2025-11-12T16:23:09+00:00",
      "side": "BUY",
      "conditionId": "0x5ca4b979bc764b3e137c1e73d04f967324b0c3e37407df285227a8bb58320bce",
      "outcomeIndex": 1,
      "outcome": "No",
      "size": 29.72,
      "price": 0.993,
      "notional": 29.51196,
      "proxyWallet": "0xd218e474776403a330142299f7796e8ba32eb5c9",
      "txHash": "0x699ca9810fdbecd1dc0a3ab50be1d8dc67520171a9b71a40bed078161fb63350"
    },
    {
      "timestamp": 1762964589,
      "iso": "2025-11-12T16:23:09+00:00",
      "side": "BUY",
      "conditionId": "0x5ca4b979bc764b3e137c1e73d04f967324b0c3e37407df285227a8bb58320bce",
      "outcomeIndex": 1,
      "outcome": "No",
      "size": 3.836857,
      "price": 0.99299999973937,
      "notional": 3.8099990000000004,
      "proxyWallet": "0xe8dd7741ccb12350957ec71e9ee332e0d1e6ec86",
      "txHash": "0x5df0df2643f88e452cad3cf7c683ca9acfd4a587243c3c41dc6df573051c4e5a"
    },
    {
      "timestamp": 1762964589,
      "iso": "2025-11-12T16:23:09+00:00",
      "side": "BUY",
      "conditionId": "0xaeb190c9a31c5e7f8ac193393ab05e55a9de86f0a945aac59feac0576aa86fc8",
      "outcomeIndex": 1,
      "outcome": "No",
      "size": 29.72,
      "price": 0.76,
      "notional": 22.5872,
      "proxyWallet": "0xd218e474776403a330142299f7796e8ba32eb5c9",
      "txHash": "0xd744d39fa64f38616b3a3d6fa3fe6dd7b94404d5c9052749ce4ca20e0ec37ca5"
    },
    {
      "timestamp": 1762964593,
      "iso": "2025-11-12T16:23:13+00:00",
      "side": "BUY",
      "conditionId": "0xf831ea34f7a6cd4bc96cb43dc53f087b15c25f515d00c9251f9c546eaba4840b",
      "outcomeIndex": 0,
      "outcome": "Yes",
      "size": 243.902438,
      "price": 0.409999997622,
      "notional": 99.999999,
      "proxyWallet": "0x790cd0a8174a0ac13defe55bb7159063f552033c",
      "txHash": "0x6b9199011ceaea91f89b873ff07020f3cdb3c1bccc6a861aedb7a8a454de5cf7"
    },
    {
      "timestamp": 1762964593,
      "iso": "2025-11-12T16:23:13+00:00",
      "side": "BUY",
      "conditionId": "0xbf8d3c113339a9212ca0f263aede776db4a34762aedc006f70a8703215954863",
      "outcomeIndex": 0,
      "outcome": "Yes",
      "size": 277.777776,
      "price": 0.359999998704,
      "notional": 99.99999900000002,
      "proxyWallet": "0x790cd0a8174a0ac13defe55bb7159063f552033c",
      "txHash": "0xe310e3c73fe1a6c95bb13961fc769a1b67d72dca3e2d3d4c157873ab5bd013da"
    },
    {
      "timestamp": 1762964605,
      "iso": "2025-11-12T16:23:25+00:00",
      "side": "SELL",
      "conditionId": "0xf831ea34f7a6cd4bc96cb43dc53f087b15c25f515d00c9251f9c546eaba4840b",
      "outcomeIndex": 1,
      "outcome": "No",
      "size": 4.73,
      "price": 0.59,
      "notional": 2.7907,
      "proxyWallet": "0x5fe50c22621779e031322c5becb110d1fa0d8b99",
      "txHash": "0x984f79f7b6e8c2836349c7753cd096ff7183e778eab7e53128fbca2d00fe8c7c"
    },
    {
      "timestamp": 1762964893,
      "iso": "2025-11-12T16:28:13+00:00",
      "side": "BUY",
      "conditionId": "0xdb7d5152831846ed495837d7b96ee5f224abcbad75ff786bc55970800862fc48",
      "outcomeIndex": 1,
      "outcome": "No",
      "size": 1.206,
      "price": 0.995,
      "notional": 1.19997,
      "proxyWallet": "0xde9d33fe7e026fbb0b1583f555595bb03e0d35f8",
      "txHash": "0x05f94cf00890c858c6631154643ac68d6b2995c937c96bf70cf281d08e26a36a"
    },
    {
      "timestamp": 1762964895,
      "iso": "2025-11-12T16:28:15+00:00",
      "side": "BUY",
      "conditionId": "0xf831ea34f7a6cd4bc96cb43dc53f087b15c25f515d00c9251f9c546eaba4840b",
      "outcomeIndex": 1,
      "outcome": "No",
      "size": 1.967212,
      "price": 0.6099998373332411,
      "notional": 1.199999,
      "proxyWallet": "0xde9d33fe7e026fbb0b1583f555595bb03e0d35f8",
      "txHash": "0xcd95664054963e72cc01c69e48f5004651cf1e1625283e27d81ac7e8bb6f4aa2"
    },
    {
      "timestamp": 1762964895,
      "iso": "2025-11-12T16:28:15+00:00",
      "side": "BUY",
      "conditionId": "0xaeb190c9a31c5e7f8ac193393ab05e55a9de86f0a945aac59feac0576aa86fc8",
      "outcomeIndex": 1,
      "outcome": "No",
      "size": 1.578946,
      "price": 0.7599993919994731,
      "notional": 1.199998,
      "proxyWallet": "0xde9d33fe7e026fbb0b1583f555595bb03e0d35f8",
      "txHash": "0x2332cb33fc7a9b8814826b9ab29888eb1e4ddcb37076c3e65642b802e4140ef7"
    },
    {
      "timestamp": 1762964895,
      "iso": "2025-11-12T16:28:15+00:00",
      "side": "BUY",
      "conditionId": "0x5ca4b979bc764b3e137c1e73d04f967324b0c3e37407df285227a8bb58320bce",
      "outcomeIndex": 1,
      "outcome": "No",
      "size": 1.208428,
      "price": 0.9929999966899145,
      "notional": 1.199969,
      "proxyWallet": "0xde9d33fe7e026fbb0b1583f555595bb03e0d35f8",
      "txHash": "0x89b83709521a5350f074954d2fe4d24ed0eb5e530edb761e5d63f2e4df2fdcbd"
    },
    {
      "timestamp": 1762964897,
      "iso": "2025-11-12T16:28:17+00:00",
      "side": "BUY",
      "conditionId": "0xbf8d3c113339a9212ca0f263aede776db4a34762aedc006f70a8703215954863",
      "outcomeIndex": 1,
      "outcome": "No",
      "size": 1.81818,
      "price": 0.65999955999956,
      "notional": 1.199998,
      "proxyWallet": "0xde9d33fe7e026fbb0b1583f555595bb03e0d35f8",
      "txHash": "0x9bbb9ca2da6f90f7d4e839a119c164256dc45b6c9182048cf14302a3125a40ce"
    },
    {
      "timestamp": 1762965885,
      "iso": "2025-11-12T16:44:45+00:00",
      "side": "SELL",
      "conditionId": "0xbf8d3c113339a9212ca0f263aede776db4a34762aedc006f70a8703215954863",
      "outcomeIndex": 0,
      "outcome": "Yes",
      "size": 1093.0,
      "price": 0.34,
      "notional": 371.62,
      "proxyWallet": "0x28ca4e9a04531f2eac0c2770f95db4e1c6a65d19",
      "txHash": "0x93a2717c9b590bcfedcb7c30a2ce67e7bb31e5400435d428810fc0adf3052eb3"
    },
    {
      "timestamp": 1762966001,
      "iso": "2025-11-12T16:46:41+00:00",
      "side": "SELL",
      "conditionId": "0xbf8d3c113339a9212ca0f263aede776db4a34762aedc006f70a8703215954863",
      "outcomeIndex": 0,
      "outcome": "Yes",
      "size": 44.0,
      "price": 0.34,
      "notional": 14.96,
      "proxyWallet": "0x28ca4e9a04531f2eac0c2770f95db4e1c6a65d19",
      "txHash": "0x8ef9b43579879fb954f29bb59673a8d702baab10f1a001b002948ac2d1218c3b"
    },
    {
      "timestamp": 1762966593,
      "iso": "2025-11-12T16:56:33+00:00",
      "side": "SELL",
      "conditionId": "0xf831ea34f7a6cd4bc96cb43dc53f087b15c25f515d00c9251f9c546eaba4840b",
      "outcomeIndex": 1,
      "outcome": "No",
      "size": 1.96,
      "price": 0.59,
      "notional": 1.1563999999999999,
      "proxyWallet": "0xde9d33fe7e026fbb0b1583f555595bb03e0d35f8",
      "txHash": "0xb1994284732305a53f968d59043edb9f339bf8c25bd28c66dea40be28cb5bb17"
    },
    {
      "timestamp": 1762966595,
      "iso": "2025-11-12T16:56:35+00:00",
      "side": "SELL",
      "conditionId": "0xbf8d3c113339a9212ca0f263aede776db4a34762aedc006f70a8703215954863",
      "outcomeIndex": 1,
      "outcome": "No",
      "size": 1.81,
      "price": 0.64,
      "notional": 1.1584,
      "proxyWallet": "0xde9d33fe7e026fbb0b1583f555595bb03e0d35f8",
      "txHash": "0xe881b31eb80de0c1ef64740635cbfebf2ace51027b0b57a918639bf190322bc9"
    },
    {
      "timestamp": 1762966595,
      "iso": "2025-11-12T16:56:35+00:00",
      "side": "SELL",
      "conditionId": "0xaeb190c9a31c5e7f8ac193393ab05e55a9de86f0a945aac59feac0576aa86fc8",
      "outcomeIndex": 1,
      "outcome": "No",
      "size": 1.57,
      "price": 0.74,
      "notional": 1.1618,
      "proxyWallet": "0xde9d33fe7e026fbb0b1583f555595bb03e0d35f8",
      "txHash": "0x4bde02e9591c959092cadcbaa1615a211bbc88675bda29d42858790436d96493"
    },
    {
      "timestamp": 1762966601,
      "iso": "2025-11-12T16:56:41+00:00",
      "side": "SELL",
      "conditionId": "0x5ca4b979bc764b3e137c1e73d04f967324b0c3e37407df285227a8bb58320bce",
      "outcomeIndex": 1,
      "outcome": "No",
      "size": 1.2,
      "price": 0.983,
      "notional": 1.1796,
      "proxyWallet": "0xde9d33fe7e026fbb0b1583f555595bb03e0d35f8",
      "txHash": "0x811fcca121124381737f3790572a8768b85060a8a3be135dbb0d87c3fd39b23e"
    },
    {
      "timestamp": 1762966601,
      "iso": "2025-11-12T16:56:41+00:00",
      "side": "SELL",
      "conditionId": "0xdb7d5152831846ed495837d7b96ee5f224abcbad75ff786bc55970800862fc48",
      "outcomeIndex": 1,
      "outcome": "No",
      "size": 1.2,
      "price": 0.991,
      "notional": 1.1892,
      "proxyWallet": "0xde9d33fe7e026fbb0b1583f555595bb03e0d35f8",
      "txHash": "0x88bb0d4f414e54e5c3cfdec90f32a82456b200b1c3fb74b83a2d36faa81d4ea1"
    },
    {
      "timestamp": 1762968915,
      "iso": "2025-11-12T17:35:15+00:00",
      "side": "SELL",
      "conditionId": "0xf831ea34f7a6cd4bc96cb43dc53f087b15c25f515d00c9251f9c546eaba4840b",
      "outcomeIndex": 0,
      "outcome": "Yes",
      "size": 4278.38,
      "price": 0.3546552900864346,
      "notional": 1517.3501,
      "proxyWallet": "0x038bca073c9aebb694028d70eec94116ed4bafc4",
      "txHash": "0x5e60b733059856e43763e4f02ba94e24e663ca46c098b26fa858f809ddc6ef35"
    },
    {
      "timestamp": 1762969779,
      "iso": "2025-11-12T17:49:39+00:00",
      "side": "BUY",
      "conditionId": "0x5ca4b979bc764b3e137c1e73d04f967324b0c3e37407df285227a8bb58320bce",
      "outcomeIndex": 1,
      "outcome": "No",
      "size": 23.162,
      "price": 0.993,
      "notional": 22.999865999999997,
      "proxyWallet": "0xbdb88737a73e8229e514824e02064bb16a5a2aa5",
      "txHash": "0xadad37488878ae4511e579416b59ee1e56545b0e719b2bf9f6ac9943f9b5fc9e"
    },
    {
      "timestamp": 1762970349,
      "iso": "2025-11-12T17:59:09+00:00",
      "side": "BUY",
      "conditionId": "0xbf8d3c113339a9212ca0f263aede776db4a34762aedc006f70a8703215954863",
      "outcomeIndex": 0,
      "outcome": "Yes",
      "size": 10.0,
      "price": 0.36,
      "notional": 3.5999999999999996,
      "proxyWallet": "0xf016903d7d6212a2765cd92ef2e06d7786ceeaec",
      "txHash": "0x48fed0fcd8fa5d4369b4cdf65569582a3eee85ccb1fc6ff2c7102e23a68cf433"
    },
    {
      "timestamp": 1762970531,
      "iso": "2025-11-12T18:02:11+00:00",
      "side": "BUY",
      "conditionId": "0xf831ea34f7a6cd4bc96cb43dc53f087b15c25f515d00c9251f9c546eaba4840b",
      "outcomeIndex": 1,
      "outcome": "No",
      "size": 128.375155,
      "price": 0.6322095502046327,
      "notional": 81.159999,
      "proxyWallet": "0xda9505b17eba4b453a879d450e2ed198177150d5",
      "txHash": "0xa610a9718d8ec6d2b5ac492c79e5f51b1be9842362434e36d955c96fa5b9fc87"
    },
    {
      "timestamp": 1762971061,
      "iso": "2025-11-12T18:11:01+00:00",
      "side": "BUY",
      "conditionId": "0xf831ea34f7a6cd4bc96cb43dc53f087b15c25f515d00c9251f9c546eaba4840b",
      "outcomeIndex": 1,
      "outcome": "No",
      "size": 257.098179,
      "price": 0.6595923730755012,
      "notional": 169.57999800000002,
      "proxyWallet": "0xda9505b17eba4b453a879d450e2ed198177150d5",
      "txHash": "0x0f7c804a1154754aaa7edc8c54c9029bff7b31248967b1cd572a13596301dce8"
    }
  ]
}
